@article{andersson2018casadi,
	title={CasADi: a software framework for nonlinear optimization and optimal control},
	author={Andersson, Joel AE and Gillis, Joris and Horn, Greg and Rawlings, James B and Diehl, Moritz},
	journal={Mathematical Programming Computation},
	pages={1--36},
	year={2018},
	publisher={Springer}
}

@article{frison2018blasfeo,
  title={BLASFEO: Basic linear algebra subroutines for embedded optimization},
  author={Frison, Gianluca and Kouzoupis, Dimitris and Sartor, Tommaso and Zanelli, Andrea and Diehl, Moritz},
  journal={ACM Transactions on Mathematical Software (TOMS)},
  volume={44},
  number={4},
  pages={42},
  year={2018},
  publisher={ACM}
}

@book{nocedal2006numerical,
	title={Numerical optimization},
	author={Nocedal, Jorge and Wright, Stephen},
	year={2006},
	publisher={Springer Science \& Business Media}
}

@article{chen2018adaptive,
	title={An Adaptive Partial Sensitivity Updating Scheme for Fast Nonlinear Model Predictive Control},
	author={Chen, Yutao and Bruschetta, Mattia and Cuccato, Davide and Beghi, Alessandro},
	journal={IEEE Transactions on Automatic Control},
	year={2018},
	publisher={IEEE}
}

@inproceedings{chen2017fast,
	title={A fast nonlinear model predictive control strategy for real-time motion control of mechanical systems},
	author={Chen, Yutao and Cuccato, Davide and Bruschetta, Mattia and Beghi, Alessandro},
	booktitle={2017 IEEE International Conference on Advanced Intelligent Mechatronics (AIM)},
	pages={1780--1785},
	year={2017},
	organization={IEEE}
}

@article{ferreau2014qpoases,
	title={qpOASES: A parametric active-set algorithm for quadratic programming},
	author={Ferreau, Hans Joachim and Kirches, Christian and Potschka, Andreas and Bock, Hans Georg and Diehl, Moritz},
	journal={Mathematical Programming Computation},
	volume={6},
	number={4},
	pages={327--363},
	year={2014},
	publisher={Springer}
}

@inproceedings{stellato2018osqp,
	title={OSQP: An operator splitting solver for quadratic programs},
	author={Stellato, Bartolomeo and Banjac, Goran and Goulart, Paul and Bemporad, Alberto and Boyd, Stephen},
	booktitle={2018 UKACC 12th International Conference on Control (CONTROL)},
	pages={339--339},
	year={2018},
	organization={IEEE}
}

@article{wachter2006implementation,
	title={On the implementation of an interior-point filter line-search algorithm for large-scale nonlinear programming},
	author={W{\"a}chter, Andreas and Biegler, Lorenz T},
	journal={Mathematical programming},
	volume={106},
	number={1},
	pages={25--57},
	year={2006},
	publisher={Springer}
}